@article{Chigusa:2020jbn,
    author = "Chigusa, So and Moroi, Takeo and Shoji, Yutaro",
    title = "{Precise Calculation of the Decay Rate of False Vacuum with Multi-Field Bounce}",
    eprint = "2007.14124",
    archivePrefix = "arXiv",
    primaryClass = "hep-ph",
    reportNumber = "KEK-TH-2244",
    month = "7",
    year = "2020"
}

@article{Chigusa:2020bgq,
    author = "Chigusa, So and Endo, Motoi and Kohri, Kazunori",
    title = "{Constraints on electron-scattering interpretation of XENON1T excess}",
    eprint = "2007.01663",
    archivePrefix = "arXiv",
    primaryClass = "hep-ph",
    reportNumber = "KEK-TH-2236, KEK-Cosmo-258",
    month = "7",
    year = "2020"
}

@article{Chigusa:2020gfs,
    author = "Chigusa, So and Moroi, Takeo and Nakayama, Kazunori",
    title = "{Detecting light boson dark matter through conversion into a magnon}",
    eprint = "2001.10666",
    archivePrefix = "arXiv",
    primaryClass = "hep-ph",
    reportNumber = "UT-20-02",
    doi = "10.1103/PhysRevD.101.096013",
    journal = "Phys. Rev. D",
    volume = "101",
    number = "9",
    pages = "096013",
    year = "2020"
}

@article{Chigusa:2019zae,
    author = "Chigusa, So and Hosomi, Yusuke and Moroi, Takeo and Saito, Masahiko",
    title = "{Determining Wino Lifetime in Supersymmetric Model at Future 100 TeV pp Colliders}",
    eprint = "1912.00592",
    archivePrefix = "arXiv",
    primaryClass = "hep-ph",
    reportNumber = "UT-19-29",
    doi = "10.1016/j.physletb.2020.135260",
    journal = "Phys. Lett. B",
    volume = "803",
    pages = "135260",
    year = "2020"
}

@article{Chigusa:2019rra,
    author = "Chigusa, So and Moroi, Takeo and Nakayama, Kazunori",
    title = "{Signals of Axion Like Dark Matter in Time Dependent Polarization of Light}",
    eprint = "1911.09850",
    archivePrefix = "arXiv",
    primaryClass = "astro-ph.CO",
    reportNumber = "UT-19-26",
    doi = "10.1016/j.physletb.2020.135288",
    journal = "Phys. Lett. B",
    volume = "803",
    pages = "135288",
    year = "2020"
}

@article{Chigusa:2019wxb,
    author = "Chigusa, So and Moroi, Takeo and Shoji, Yutaro",
    title = "{Bounce Configuration from Gradient Flow}",
    eprint = "1906.10829",
    archivePrefix = "arXiv",
    primaryClass = "hep-ph",
    reportNumber = "UT-19-15",
    doi = "10.1016/j.physletb.2019.135115",
    journal = "Phys. Lett. B",
    volume = "800",
    pages = "135115",
    year = "2020"
}

@article{Chigusa:2019jrz,
    author = "Chigusa, So and Kasuya, Shinta and Nakayama, Kazunori",
    title = "{Novel Flavon Stabilization with Trimaximal Neutrino Mixing}",
    eprint = "1905.11517",
    archivePrefix = "arXiv",
    primaryClass = "hep-ph",
    reportNumber = "UT-19-12",
    doi = "10.1103/PhysRevD.100.015030",
    journal = "Phys. Rev. D",
    volume = "100",
    number = "1",
    pages = "015030",
    year = "2019"
}

@article{Abe:2019egv,
    author = "Abe, Tomohiro and Chigusa, So and Ema, Yohei and Moroi, Takeo",
    title = "{Indirect studies of electroweakly interacting particles at 100 TeV hadron colliders}",
    eprint = "1904.11162",
    archivePrefix = "arXiv",
    primaryClass = "hep-ph",
    reportNumber = "UT-19-09, DESY-19-069, DESY 19-069",
    doi = "10.1103/PhysRevD.100.055018",
    journal = "Phys. Rev. D",
    volume = "100",
    number = "5",
    pages = "055018",
    year = "2019"
}

@article{Asai:2019wst,
    author = "Asai, Shoji and Chigusa, So and Kaji, Toshiaki and Moroi, Takeo and Saito, Masahiko and Sawada, Ryu and Tanaka, Junichi and Terashi, Koji and Uno, Kenta",
    title = "{Studying gaugino masses in supersymmetric model at future 100 TeV $pp$ collider}",
    eprint = "1901.10389",
    archivePrefix = "arXiv",
    primaryClass = "hep-ph",
    doi = "10.1007/JHEP05(2019)179",
    journal = "JHEP",
    volume = "05",
    pages = "179",
    year = "2019"
}

@article{Chigusa:2018vxz,
    author = "Chigusa, So and Ema, Yohei and Moroi, Takeo",
    title = "{Probing electroweakly interacting massive particles with Drell--Yan process at 100 TeV hadron colliders}",
    eprint = "1810.07349",
    archivePrefix = "arXiv",
    primaryClass = "hep-ph",
    reportNumber = "UT-18-24, KEK-TH-2083, DESY 18-180, DESY-18-180",
    doi = "10.1016/j.physletb.2018.12.011",
    journal = "Phys. Lett. B",
    volume = "789",
    pages = "106--113",
    year = "2019"
}

@article{Chigusa:2018yua,
    author = "Chigusa, So and Kasuya, Shinta and Nakayama, Kazunori",
    title = "{Flavon Stabilization in Models with Discrete Flavor Symmetry}",
    eprint = "1810.05791",
    archivePrefix = "arXiv",
    primaryClass = "hep-ph",
    reportNumber = "UT-18-21",
    doi = "10.1016/j.physletb.2018.11.051",
    journal = "Phys. Lett. B",
    volume = "788",
    pages = "494--499",
    year = "2019"
}

@article{Chigusa:2018hhl,
    author = "Chigusa, So and Nakayama, Kazunori",
    title = "{Anomalous Discrete Flavor Symmetry and Domain Wall Problem}",
    eprint = "1808.09601",
    archivePrefix = "arXiv",
    primaryClass = "hep-ph",
    reportNumber = "UT-18-18",
    doi = "10.1016/j.physletb.2018.11.027",
    journal = "Phys. Lett. B",
    volume = "788",
    pages = "249--255",
    year = "2019"
}

@article{Chigusa:2018uuj,
    author = "Chigusa, So and Moroi, Takeo and Shoji, Yutaro",
    title = "{Decay Rate of Electroweak Vacuum in the Standard Model and Beyond}",
    eprint = "1803.03902",
    archivePrefix = "arXiv",
    primaryClass = "hep-ph",
    reportNumber = "UT-18-04",
    doi = "10.1103/PhysRevD.97.116012",
    journal = "Phys. Rev. D",
    volume = "97",
    number = "11",
    pages = "116012",
    year = "2018"
}

@article{Chigusa:2017dux,
    author = "Chigusa, So and Moroi, Takeo and Shoji, Yutaro",
    title = "{State-of-the-Art Calculation of the Decay Rate of Electroweak Vacuum in the Standard Model}",
    eprint = "1707.09301",
    archivePrefix = "arXiv",
    primaryClass = "hep-ph",
    reportNumber = "UT-17-26",
    doi = "10.1103/PhysRevLett.119.211801",
    journal = "Phys. Rev. Lett.",
    volume = "119",
    number = "21",
    pages = "211801",
    year = "2017"
}

@article{Chigusa:2017drd,
    author = "Chigusa, So and Moroi, Takeo",
    title = "{Bottom-Tau Unification in Supersymmetric SU(5) Models with Extra Matters}",
    eprint = "1702.00790",
    archivePrefix = "arXiv",
    primaryClass = "hep-ph",
    reportNumber = "UT-17-05",
    doi = "10.1093/ptep/ptx062",
    journal = "PTEP",
    volume = "2017",
    number = "6",
    pages = "063B05",
    year = "2017"
}

@article{Chigusa:2016ody,
    author = "Chigusa, So and Moroi, Takeo",
    title = "{Bottom-tau unification in a supersymmetric model with anomaly-mediation}",
    eprint = "1604.02156",
    archivePrefix = "arXiv",
    primaryClass = "hep-ph",
    reportNumber = "UT-16-15",
    doi = "10.1103/PhysRevD.94.035016",
    journal = "Phys. Rev. D",
    volume = "94",
    number = "3",
    pages = "035016",
    year = "2016"
}
